% Encoding: UTF-8

@Article{abbott2019education,
  author    = {Abbott, Brant and Gallipoli, Giovanni and Meghir, Costas and Violante, Giovanni L},
  journal   = {Journal of Political Economy},
  title     = {Education policy and intergenerational transfers in equilibrium},
  year      = {2019},
  number    = {6},
  pages     = {2569--2624},
  volume    = {127},
  publisher = {The University of Chicago Press Chicago, IL},
}

@Comment{jabref-meta: databaseType:bibtex;}
