@article{mace1991,
 ISSN = {00223808, 1537534X},
 URL = {http://www.jstor.org/stable/2937653},
 author = {Barbara J. Mace},
 journal = {Journal of Political Economy},
 number = {5},
 pages = {928--956},
 publisher = {University of Chicago Press},
 title = {Full Insurance in the Presence of Aggregate Uncertainty},
 volume = {99},
 year = {1991}
}

@article{nelson1994testing,
  title={On testing for full insurance using Consumer Expenditure Survey data},
  author={Nelson, Julie A},
  journal={Journal of Political Economy},
  volume={102},
  number={2},
  pages={384--394},
  year={1994},
  publisher={The University of Chicago Press}
}

@article{cochrane1991simple,
  title={A simple test of consumption insurance},
  author={Cochrane, John H},
  journal={Journal of political economy},
  volume={99},
  number={5},
  pages={957--976},
  year={1991},
  publisher={The University of Chicago Press}
}