@article{de2004wealth,
  title={Wealth inequality and intergenerational links},
  author={De Nardi, Mariacristina},
  journal={The Review of Economic Studies},
  volume={71},
  number={3},
  pages={743--768},
  year={2004},
  publisher={Wiley-Blackwell}
}

@article{carroll2006method,
  title={The method of endogenous gridpoints for solving dynamic stochastic optimization problems},
  author={Carroll, Christopher D},
  journal={Economics letters},
  volume={91},
  number={3},
  pages={312--320},
  year={2006},
  publisher={Elsevier}
}

@article{carroll2002lecture,
  title={Lecture Notes On Solution Methods for Microeconomic Dynamic Stochastic Optimization Problems‚Äù, mimeo},
  author={Carroll, Christopher D},
  year={2002},
  publisher={Citeseer}
}
